@inproceedings{ding20142,
	title={A 2-step penalized regression method for family-based next-generation sequencing association studies},
	author={Ding, Xiuhua and Su, Shaoyong and Nandakumar, Kannabiran and Wang, Xiaoling and Fardo, David W},
	booktitle={BMC proceedings},
	volume={8},
	number={1},
	pages={S25},
	year={2014},
	organization={BioMed Central}
}

@article{loh2015efficient,
	title={Efficient Bayesian mixed-model analysis increases association power in large cohorts},
	author={Loh, Po-Ru and Tucker, George and Bulik-Sullivan, Brendan K and Vilhjalmsson, Bjarni J and Finucane, Hilary K and Salem, Rany M and Chasman, Daniel I and Ridker, Paul M and Neale, Benjamin M and Berger, Bonnie and others},
	journal={Nature genetics},
	volume={47},
	number={3},
	pages={284},
	year={2015},
	publisher={Nature Publishing Group}
}

@article{gilmour1995average,
	title={Average information REML: an efficient algorithm for variance parameter estimation in linear mixed models},
	author={Gilmour, Arthur R and Thompson, Robin and Cullis, Brian R},
	journal={Biometrics},
	pages={1440--1450},
	year={1995},
	publisher={JSTOR}
}

@article{reid2016study,
	title={A study of error variance estimation in lasso regression},
	author={Reid, Stephen and Tibshirani, Robert and Friedman, Jerome},
	journal={Statistica Sinica},
	pages={35--67},
	year={2016},
	publisher={JSTOR}
}

@Manual{gaston,
	title = {gaston: Genetic Data Handling (QC, GRM, LD, PCA) and Linear Mixed Models},
	author = {Claire Dandine-Roulland},
	year = {2018},
	note = {R package version 1.5.3},
	url = {https://CRAN.R-project.org/package=gaston},
}

@Article{bnpsd2,
	title = {{FST} and kinship for arbitrary population structures {II}: Method of moments estimators},
	author = {Alejandro Ochoa and John D. Storey},
	journal = {bioRxiv},
	year = {2016},
	doi = {10.1101/083923},
}

@Article{bnpsd1,
	title = {{FST} and kinship for arbitrary population structures {I}: Generalized definitions},
	author = {Alejandro Ochoa and John D. Storey},
	journal = {bioRxiv},
	year = {2016},
	doi = {10.1101/083915},
}

@article{nishii1984asymptotic,
	title={Asymptotic properties of criteria for selection of variables in multiple regression},
	author={Nishii, Ryuei},
	journal={The Annals of Statistics},
	pages={758--765},
	year={1984},
	publisher={JSTOR}
}

@article{spain2015strategies,
	title={Strategies for fine-mapping complex traits},
	author={Spain, Sarah L and Barrett, Jeffrey C},
	journal={Human molecular genetics},
	volume={24},
	number={R1},
	pages={R111--R119},
	year={2015},
	publisher={Oxford University Press}
}

@article{davey2003mendelian,
	title={‘Mendelian randomization’: can genetic epidemiology contribute to understanding environmental determinants of disease?},
	author={Davey Smith, George and Ebrahim, Shah},
	journal={International journal of epidemiology},
	volume={32},
	number={1},
	pages={1--22},
	year={2003},
	publisher={Oxford University Press}
}

@article{zou2005regularization,
	title={Regularization and variable selection via the elastic net},
	author={Zou, Hui and Hastie, Trevor},
	journal={Journal of the Royal Statistical Society: Series B (Statistical Methodology)},
	volume={67},
	number={2},
	pages={301--320},
	year={2005},
	publisher={Wiley Online Library}
}

@article{yuan2006model,
	title={Model selection and estimation in regression with grouped variables},
	author={Yuan, Ming and Lin, Yi},
	journal={Journal of the Royal Statistical Society: Series B (Statistical Methodology)},
	volume={68},
	number={1},
	pages={49--67},
	year={2006},
	publisher={Wiley Online Library}
}

@article{yang2015fast,
	title={A fast unified algorithm for solving group-lasso penalize learning problems},
	author={Yang, Yi and Zou, Hui},
	journal={Statistics and Computing},
	volume={25},
	number={6},
	pages={1129--1141},
	year={2015},
	publisher={Springer}
}

@article{allen2012uk,
	title={UK Biobank: Current status and what it means for epidemiology},
	author={Allen, Naomi and Sudlow, Cathie and Downey, Paul and Peakman, Tim and Danesh, John and Elliott, Paul and Gallacher, John and Green, Jane and Matthews, Paul and Pell, Jill and others},
	journal={Health Policy and Technology},
	volume={1},
	number={3},
	pages={123--126},
	year={2012},
	publisher={Elsevier}
}

@article{zou2006adaptive,
	title={The adaptive lasso and its oracle properties},
	author={Zou, Hui},
	journal={Journal of the American statistical association},
	volume={101},
	number={476},
	pages={1418--1429},
	year={2006},
	publisher={Taylor \& Francis}
}

@article{tibshirani1996regression,
	title={Regression shrinkage and selection via the lasso},
	author={Tibshirani, Robert},
	journal={Journal of the Royal Statistical Society. Series B (Methodological)},
	pages={267--288},
	year={1996},
	publisher={JSTOR}
}

@article{kang2010variance,
	title={Variance component model to account for sample structure in genome-wide association studies},
	author={Kang, Hyun Min and Sul, Jae Hoon and Zaitlen, Noah A and Kong, Sit-yee and Freimer, Nelson B and Sabatti, Chiara and Eskin, Eleazar and others},
	journal={Nature genetics},
	volume={42},
	number={4},
	pages={348},
	year={2010},
	publisher={Nature Publishing Group}
}

@article{cordell2002unified,
	title={A unified stepwise regression procedure for evaluating the relative effects of polymorphisms within a gene using case/control or family data: application to HLA in type 1 diabetes},
	author={Cordell, Heather J and Clayton, David G},
	journal={The American Journal of Human Genetics},
	volume={70},
	number={1},
	pages={124--141},
	year={2002},
	publisher={Elsevier}
}

@article{fan2013tuning,
	title={Tuning parameter selection in high dimensional penalized likelihood},
	author={Fan, Yingying and Tang, Cheng Yong},
	journal={Journal of the Royal Statistical Society: Series B (Statistical Methodology)},
	volume={75},
	number={3},
	pages={531--552},
	year={2013},
	publisher={Wiley Online Library}
}

@book{xie2015dynamic,
	title={Dynamic Documents with R and knitr},
	author={Xie, Yihui},
	volume={29},
	year={2015},
	publisher={CRC Press}
}

@article{oualkacha2013adjusted,
	title={Adjusted sequence kernel association test for rare variants controlling for cryptic and family relatedness},
	author={Oualkacha, Karim and Dastani, Zari and Li, Rui and Cingolani, Pablo E and Spector, Timothy D and Hammond, Christopher J and Richards, J Brent and Ciampi, Antonio and Greenwood, Celia MT},
	journal={Genetic epidemiology},
	volume={37},
	number={4},
	pages={366--376},
	year={2013},
	publisher={Wiley Online Library}
}

@article{li2010bayesian,
	title={The Bayesian lasso for genome-wide association studies},
	author={Li, Jiahan and Das, Kiranmoy and Fu, Guifang and Li, Runze and Wu, Rongling},
	journal={Bioinformatics},
	volume={27},
	number={4},
	pages={516--523},
	year={2010},
	publisher={Oxford University Press}
}

@article{price2006principal,
	title={Principal components analysis corrects for stratification in genome-wide association studies},
	author={Price, Alkes L and Patterson, Nick J and Plenge, Robert M and Weinblatt, Michael E and Shadick, Nancy A and Reich, David},
	journal={Nature genetics},
	volume={38},
	number={8},
	pages={904},
	year={2006},
	publisher={Nature Publishing Group}
}

@article{yu2006unified,
	title={A unified mixed-model method for association mapping that accounts for multiple levels of relatedness},
	author={Yu, Jianming and Pressoir, Gael and Briggs, William H and Bi, Irie Vroh and Yamasaki, Masanori and Doebley, John F and McMullen, Michael D and Gaut, Brandon S and Nielsen, Dahlia M and Holland, James B and others},
	journal={Nature genetics},
	volume={38},
	number={2},
	pages={203},
	year={2006},
	publisher={Nature Publishing Group}
}

@article{marchini2004effects,
	title={The effects of human population structure on large genetic association studies},
	author={Marchini, Jonathan and Cardon, Lon R and Phillips, Michael S and Donnelly, Peter},
	journal={Nature genetics},
	volume={36},
	number={5},
	pages={512},
	year={2004},
	publisher={Nature Publishing Group}
}

@article{astle2009population,
	title={Population structure and cryptic relatedness in genetic association studies},
	author={Astle, William and Balding, David J and others},
	journal={Statistical Science},
	volume={24},
	number={4},
	pages={451--471},
	year={2009},
	publisher={Institute of Mathematical Statistics}
}

@article{hoggart2008simultaneous,
	title={Simultaneous analysis of all SNPs in genome-wide and re-sequencing association studies},
	author={Hoggart, Clive J and Whittaker, John C and De Iorio, Maria and Balding, David J},
	journal={PLoS genetics},
	volume={4},
	number={7},
	pages={e1000130},
	year={2008},
	publisher={Public Library of Science}
}

@article{manolio2009finding,
	title={Finding the missing heritability of complex diseases},
	author={Manolio, Teri A and Collins, Francis S and Cox, Nancy J and Goldstein, David B and Hindorff, Lucia A and Hunter, David J and McCarthy, Mark I and Ramos, Erin M and Cardon, Lon R and Chakravarti, Aravinda and others},
	journal={Nature},
	volume={461},
	number={7265},
	pages={747},
	year={2009},
	publisher={Nature Publishing Group}
}

@article{yang2010common,
	title={Common SNPs explain a large proportion of the heritability for human height},
	author={Yang, Jian and Benyamin, Beben and McEvoy, Brian P and Gordon, Scott and Henders, Anjali K and Nyholt, Dale R and Madden, Pamela A and Heath, Andrew C and Martin, Nicholas G and Montgomery, Grant W and others},
	journal={Nature genetics},
	volume={42},
	number={7},
	pages={565},
	year={2010},
	publisher={Nature Publishing Group}
}

@article{yang2014advantages,
	title={Advantages and pitfalls in the application of mixed-model association methods},
	author={Yang, Jian and Zaitlen, Noah A and Goddard, Michael E and Visscher, Peter M and Price, Alkes L},
	journal={Nature genetics},
	volume={46},
	number={2},
	pages={100},
	year={2014},
	publisher={Nature Publishing Group}
}

@article{wang2011identifying,
	title={Identifying QTLs and epistasis in structured plant populations using adaptive mixed LASSO},
	author={Wang, Dong and Eskridge, Kent M and Crossa, Jose},
	journal={Journal of agricultural, biological, and environmental statistics},
	volume={16},
	number={2},
	pages={170--184},
	year={2011},
	publisher={Springer}
}

@article{eu2014comparison,
	title={Comparison of methods to account for relatedness in genome-wide association studies with family-based data},
	author={Eu-Ahsunthornwattana, Jakris and Miller, E Nancy and Fakiola, Michaela and Jeronimo, Selma MB and Blackwell, Jenefer M and Cordell, Heather J and Wellcome Trust Case Control Consortium 2 and others},
	journal={PLoS Genet},
	volume={10},
	number={7},
	pages={e1004445},
	year={2014},
	publisher={Public Library of Science}
}

@article{MM1,
	author =     "Lange, K. and Hunter, D. and Yang, I.",
	title =    "Optimization transfer using sur-
	rogate objective functions (with discussion)",
	journal =     {Journal of Computational and Graphical Statistics},
	year =     2000,
	volume = {9},
	pages =    "1-20"
}

@article{hunter2004tutorial,
	title={{A tutorial on MM algorithms}},
	author={Hunter, D.R. and Lange, K.},
	journal={The American Statistician},
	volume={58},
	number={1},
	pages={30--37},
	issn={0003-1305},
	year={2004},
	publisher={ASA}
}

@article{MM08,
	author =     "Wu, T. and Lange, K.",
	title =    "The \uppercase{MM} Alternative to \uppercase{EM}",
	journal =     {Statistical Science},
	year =     2010,
	volume = {4},
	pages =    "492--505"
}

@article{schelldorfer2014glmmlasso,
	title={Glmmlasso: an algorithm for high-dimensional generalized linear mixed models using ℓ1-penalization},
	author={Schelldorfer, J{\"u}rg and Meier, Lukas and B{\"u}hlmann, Peter},
	journal={Journal of Computational and Graphical Statistics},
	volume={23},
	number={2},
	pages={460--477},
	year={2014},
	publisher={Taylor \& Francis}
}

@article{segura2012efficient,
	title={An efficient multi-locus mixed-model approach for genome-wide association studies in structured populations},
	author={Segura, Vincent and Vilhj{\'a}lmsson, Bjarni J and Platt, Alexander and Korte, Arthur and Seren, {\"U}mit and Long, Quan and Nordborg, Magnus},
	journal={Nature genetics},
	volume={44},
	number={7},
	pages={825--830},
	year={2012},
	publisher={Nature Research}
}

@article{rakitsch2013lasso,
	title={A Lasso multi-marker mixed model for association mapping with population structure correction},
	author={Rakitsch, Barbara and Lippert, Christoph and Stegle, Oliver and Borgwardt, Karsten},
	journal={Bioinformatics},
	volume={29},
	number={2},
	pages={206--214},
	year={2013},
	publisher={Oxford Univ Press}
}

@article{pirinen2013efficient,
	title={Efficient computation with a linear mixed model on large-scale data sets with applications to genetic studies},
	author={Pirinen, Matti and Donnelly, Peter and Spencer, Chris CA and others},
	journal={The Annals of Applied Statistics},
	volume={7},
	number={1},
	pages={369--390},
	year={2013},
	publisher={Institute of Mathematical Statistics}
}

@article{lippert2011fast,
	title={FaST linear mixed models for genome-wide association studies},
	author={Lippert, Christoph and Listgarten, Jennifer and Liu, Ying and Kadie, Carl M and Davidson, Robert I and Heckerman, David},
	journal={Nature methods},
	volume={8},
	number={10},
	pages={833--835},
	year={2011},
	publisher={Nature Publishing Group}
}


@article{korte2012mixed,
	title={A mixed-model approach for genome-wide association studies of correlated traits in structured populations},
	author={Korte, Arthur and Vilhj{\'a}lmsson, Bjarni J and Segura, Vincent and Platt, Alexander and Long, Quan and Nordborg, Magnus},
	journal={Nature genetics},
	volume={44},
	number={9},
	pages={1066--1071},
	year={2012},
	publisher={Nature Publishing Group}
}

@article{zhou2014efficient,
	title={Efficient multivariate linear mixed model algorithms for genome-wide association studies},
	author={Zhou, Xiang and Stephens, Matthew},
	journal={Nature methods},
	volume={11},
	number={4},
	pages={407--409},
	year={2014},
	publisher={Nature Research}
}

@article{klasen2016multi,
	title={A multi-marker association method for genome-wide association studies without the need for population structure correction},
	author={Klasen, Jonas R and Barbez, Elke and Meier, Lukas and Meinshausen, Nicolai and B{\"u}hlmann, Peter and Koornneef, Maarten and Busch, Wolfgang and Schneeberger, Korbinian},
	journal={Nature communications},
	volume={7},
	pages={13299},
	year={2016},
	publisher={Nature Publishing Group}
}

@article{meinshausen2008hierarchical,
	title={Hierarchical testing of variable importance},
	author={Meinshausen, Nicolai},
	journal={Biometrika},
	pages={265--278},
	year={2008},
	publisher={JSTOR}
}

@article{song2015testing,
	title={Testing for genetic associations in arbitrarily structured populations},
	author={Song, Minsun and Hao, Wei and Storey, John D},
	journal={Nature genetics},
	volume={47},
	number={5},
	pages={550--554},
	year={2015},
	publisher={Nature Research}
}

@ARTICLE{2013arXiv1312.2041H,
	author = {{Hao}, W. and {Song}, M. and {Storey}, J.~D.},
	title = "{Probabilistic models of genetic variation in structured populations applied to global human studies}",
	journal = {ArXiv e-prints},
	archivePrefix = "arXiv",
	eprint = {1312.2041},
	primaryClass = "q-bio.PE",
	keywords = {Quantitative Biology - Populations and Evolution, Quantitative Biology - Genomics, Quantitative Biology - Quantitative Methods, Statistics - Applications, Statistics - Methodology},
	year = 2013,
	month = dec,
	adsurl = {http://adsabs.harvard.edu/abs/2013arXiv1312.2041H},
	adsnote = {Provided by the SAO/NASA Astrophysics Data System}
}

@article{tseng2009coordinate,
	title={A coordinate gradient descent method for nonsmooth separable minimization},
	author={Tseng, Paul and Yun, Sangwoon},
	journal={Mathematical Programming},
	volume={117},
	number={1},
	pages={387--423},
	year={2009},
	publisher={Springer}
}

@article{schelldorfer2011estimation,
	title={Estimation for High-Dimensional Linear Mixed-Effects Models Using L1-Penalization},
	author={Schelldorfer, J{\"u}rg and B{\"u}hlmann, Peter and DE, GEER and VAN, SARA},
	journal={Scandinavian Journal of Statistics},
	volume={38},
	number={2},
	pages={197--214},
	year={2011},
	publisher={Wiley Online Library}
}

@article{meier2008group,
	title={The group lasso for logistic regression},
	author={Meier, Lukas and Van De Geer, Sara and B{\"u}hlmann, Peter},
	journal={Journal of the Royal Statistical Society: Series B (Statistical Methodology)},
	volume={70},
	number={1},
	pages={53--71},
	year={2008},
	publisher={Wiley Online Library}
}

@article{friedman2010regularization,
	title={Regularization paths for generalized linear models via coordinate descent},
	author={Friedman, Jerome and Hastie, Trevor and Tibshirani, Rob},
	journal={Journal of statistical software},
	volume={33},
	number={1},
	pages={1},
	year={2010},
	publisher={NIH Public Access}
}

@incollection{de1994block,
	title={Block-relaxation algorithms in statistics},
	author={De Leeuw, Jan},
	booktitle={Information systems and data analysis},
	pages={308--324},
	year={1994},
	publisher={Springer}
}

@article{byrd1995limited,
	title={A limited memory algorithm for bound constrained optimization},
	author={Byrd, Richard H and Lu, Peihuang and Nocedal, Jorge and Zhu, Ciyou},
	journal={SIAM Journal on Scientific Computing},
	volume={16},
	number={5},
	pages={1190--1208},
	year={1995},
	publisher={SIAM}
}

@article{osborne2000lasso,
	title={On the lasso and its dual},
	author={Osborne, Michael R and Presnell, Brett and Turlach, Berwin A},
	journal={Journal of Computational and Graphical statistics},
	volume={9},
	number={2},
	pages={319--337},
	year={2000},
	publisher={Taylor \& Francis}
}

@article{bondell2010joint,
	title={Joint Variable Selection for Fixed and Random Effects in Linear Mixed-Effects Models},
	author={Bondell, Howard D and Krishna, Arun and Ghosh, Sujit K},
	journal={Biometrics},
	volume={66},
	number={4},
	pages={1069--1077},
	year={2010},
	publisher={Wiley Online Library}
}

@article{zou2007degrees,
	title={On the “degrees of freedom” of the lasso},
	author={Zou, Hui and Hastie, Trevor and Tibshirani, Robert and others},
	journal={The Annals of Statistics},
	volume={35},
	number={5},
	pages={2173--2192},
	year={2007},
	publisher={Institute of Mathematical Statistics}
}

@article{ibrahim2011fixed,
	title={Fixed and random effects selection in mixed effects models},
	author={Ibrahim, Joseph G and Zhu, Hongtu and Garcia, Ramon I and Guo, Ruixin},
	journal={Biometrics},
	volume={67},
	number={2},
	pages={495--503},
	year={2011},
	publisher={Wiley Online Library}
}

@article{wang2009shrinkage,
	title={Shrinkage tuning parameter selection with a diverging number of parameters},
	author={Wang, Hansheng and Li, Bo and Leng, Chenlei},
	journal={Journal of the Royal Statistical Society: Series B (Statistical Methodology)},
	volume={71},
	number={3},
	pages={671--683},
	year={2009},
	publisher={Wiley Online Library}
}

@book{wakefield2013bayesian,
	title={Bayesian and frequentist regression methods},
	author={Wakefield, Jon},
	year={2013},
	publisher={Springer Science \& Business Media}
}

@article{zhang2010mixed,
	title={Mixed linear model approach adapted for genome-wide association studies},
	author={Zhang, Zhiwu and Ersoz, Elhan and Lai, Chao-Qiang and Todhunter, Rory J and Tiwari, Hemant K and Gore, Michael A and Bradbury, Peter J and Yu, Jianming and Arnett, Donna K and Ordovas, Jose M and others},
	journal={Nature genetics},
	volume={42},
	number={4},
	pages={355--360},
	year={2010},
	publisher={Nature Research}
}

@book{berrar2003practical,
	title={A practical approach to microarray data analysis},
	author={Berrar, Daniel P and Dubitzky, Werner and Granzow, Martin and others},
	year={2003},
	publisher={Springer}
}

@book{golub2012matrix,
	title={Matrix computations},
	author={Golub, Gene H and Van Loan, Charles F},
	volume={3},
	year={2012},
	publisher={JHU Press}
}